<record xmlns="http://www.loc.gov/MARC21/slim">
   <leader>01780ccm a2200409Ia 4500</leader>
   <controlfield tag="001">6849632</controlfield>
   <controlfield tag="003">OCoLC</controlfield>
   <controlfield tag="005">20150303025845.0</controlfield>
   <controlfield tag="008">150202s2015    wiubla         n  b eng d</controlfield>
   <datafield ind1=" " ind2=" " tag="020">
      <subfield code="a">1495003973</subfield>
   </datafield>
   <datafield ind1=" " ind2=" " tag="020">
      <subfield code="a">9781495003974</subfield>
   </datafield>
   <datafield ind1="1" ind2="0" tag="024">
      <subfield code="a">888680032852</subfield>
   </datafield>
   <datafield ind1="3" ind2="2" tag="028">
      <subfield code="a">HL00138731</subfield>
      <subfield code="b">Hal Leonard</subfield>
   </datafield>
   <datafield ind1=" " ind2=" " tag="035">
      <subfield code="a">ocn903650031</subfield>
   </datafield>
   <datafield ind1=" " ind2=" " tag="040">
      <subfield code="a">TDF</subfield>
      <subfield code="b">eng</subfield>
      <subfield code="c">TDF</subfield>
      <subfield code="d">LTSCA</subfield>
      <subfield code="d">AEU</subfield>
   </datafield>
   <datafield ind1=" " ind2=" " tag="049">
      <subfield code="a">MAIN</subfield>
   </datafield>
   <datafield ind1=" " ind2="4" tag="050">
      <subfield code="a">M1630.18.C136</subfield>
      <subfield code="b">B83 2015</subfield>
   </datafield>
   <datafield ind1=" " ind2=" " tag="090">
      <subfield code="a">M1630.18 .C136 B83 2015</subfield>
      <subfield code="b">AEGMCT</subfield>
   </datafield>
   <datafield ind1="1" ind2=" " tag="100">
      <subfield code="a">Cale, J. J.</subfield>
   </datafield>
   <datafield ind1="1" ind2="4" tag="245">
      <subfield code="a">The breeze :</subfield>
      <subfield code="b">an appreciation of J. J. Cale /</subfield>
      <subfield code="c">Eric Clapton &amp; friends ; music transcriptions by Pete Billmann.</subfield>
   </datafield>
   <datafield ind1="3" ind2="0" tag="246">
      <subfield code="a">Appreciation of J. J. Cale</subfield>
   </datafield>
   <datafield ind1=" " ind2=" " tag="260">
      <subfield code="a">Milwaukee, WI :</subfield>
      <subfield code="b">Hal Leonard,</subfield>
      <subfield code="c">[2015]</subfield>
   </datafield>
   <datafield ind1=" " ind2=" " tag="300">
      <subfield code="a">1 score (117 p.) ;</subfield>
      <subfield code="c">31 cm.</subfield>
   </datafield>
   <datafield ind1="1" ind2=" " tag="490">
      <subfield code="a">Guitar recorded versions</subfield>
   </datafield>
   <datafield ind1=" " ind2=" " tag="500">
      <subfield code="a">Blues-rock music.</subfield>
   </datafield>
   <datafield ind1=" " ind2=" " tag="500">
      <subfield code="a">Words and music chiefly by J. J. Cale.</subfield>
   </datafield>
   <datafield ind1=" " ind2=" " tag="500">
      <subfield code="a">Includes vocal lines with guitar parts in standard and tab notation, chord symbols, and guitar notation legend.</subfield>
   </datafield>
   <datafield ind1="0" ind2=" " tag="505">
      <subfield code="a">Cajun moon -- Call me the breeze -- Crying eyes -- Don't wait -- I got the same old blues -- I'll be there (If you ever want me) -- Lies -- Magnolia -- The old man and me -- Rock and roll records -- Sensitive kind -- Since you said goodbye -- Someday -- Songbird -- Starbound -- Train to nowhere.</subfield>
   </datafield>
   <datafield ind1=" " ind2=" " tag="596">
      <subfield code="a">56</subfield>
   </datafield>
   <datafield ind1=" " ind2="0" tag="650">
      <subfield code="a">Blues (Music)</subfield>
      <subfield code="y">2011-2020.</subfield>
   </datafield>
   <datafield ind1=" " ind2="0" tag="650">
      <subfield code="a">Rock music</subfield>
      <subfield code="y">2011-2020.</subfield>
   </datafield>
   <datafield ind1=" " ind2="0" tag="650">
      <subfield code="a">Blues-rock music.</subfield>
   </datafield>
   <datafield ind1="1" ind2=" " tag="700">
      <subfield code="a">Clapton, Eric.</subfield>
   </datafield>
   <datafield ind1="1" ind2=" " tag="700">
      <subfield code="a">Billmann, Pete.</subfield>
   </datafield>
   <datafield ind1=" " ind2="0" tag="830">
      <subfield code="a">Hal Leonard guitar recorded versions.</subfield>
   </datafield>
   <datafield ind1=" " ind2=" " tag="949">
      <subfield code="a">M1630.18 .C136 B83 2015</subfield>
      <subfield code="c">1</subfield>
      <subfield code="p">22.99</subfield>
      <subfield code="h">GMCA-MU-SC</subfield>
      <subfield code="k">AVAIL_SOON</subfield>
      <subfield code="i">1007112533</subfield>
   </datafield>
   <datafield ind1=" " ind2=" " tag="926">
      <subfield code="a">M1630.18 .C136 B83 2015</subfield>
      <subfield code="w">LC</subfield>
      <subfield code="c">1</subfield>
      <subfield code="i">1007112533</subfield>
      <subfield code="d">3/11/2015</subfield>
      <subfield code="l">MUSIC</subfield>
      <subfield code="m">GR_MAC_CAC</subfield>
      <subfield code="p">$22.99</subfield>
      <subfield code="r">Y</subfield>
      <subfield code="s">Y</subfield>
      <subfield code="t">MUSICSCORE</subfield>
      <subfield code="u">3/9/2015</subfield>
   </datafield>
</record>
